	@ARTICLE{googleCesky,
		author =       "Karel WOLF",  
		title =        "Mapy {G}oogle v češtině a pro {Č}echy –- realita, nebo zbožné přání?",
		journal =      "Lupa.cz",
		year =         "2008",
		url =          "http://www.lupa.cz/clanky/mapy-google-v-cestine-realita-nebo-zbozne-prani/",
		issn =         "1213-0702",
		note =         "[online]. [rev.~2008-05-07] [cit.~2009-06-30].",
	}
	
	@ARTICLE{misantropApi,
		author =       "Martin MALÝ",  
		title =        "{W}eb2.0, {API} a {PHP}, díl první",
		journal =      "Misantrop.info",
		year =         "2007",
		url =          "http://www.misantrop.info/481637-web2-0-api-a-php-dil-prvni.php",
		note =         "[online]. [rev.~2007-02-09] [cit.~2009-06-30].",
	}
	
	@ARTICLE{openid,
		author =       "Martin MALÝ",
		title =        "Seriál {M}oderní internetové autentizační metody",
		journal =      "Zdroják.cz",
		year =         "2008~až~2009",
		url =          "http://zdrojak.root.cz/serialy/moderni-internetove-autentizacni-metody/",
		issn =         "1803-5620",
		note =         "[online]. [cit.~2009-07-01].",
	}
	
	@ARTICLE{web20,
		author =       "Jan AMBROŽ",  
		title =        "{W}eb2.0: bublina, nebo nový směr webu?",
		journal =      "Lupa.cz",
		year =         "2007",
		url =          "http://www.lupa.cz/clanky/web-2-0-bublina-nebo-novy-smer-webu/",
		issn =         "1213-0702",
		note =         "[online]. [rev.~2007-04-27] [cit.~2009-06-30].",
	}
	
	@ARTICLE{amapy,
		author =       "Petr ŠNAJDR", 
		title =        "Špetka koření ze zákulisí projektu nových {A}tlasích map",
		journal =      "Management Blog Petra Šnajdra (Lupa.cz)",
		year =         "2008",
		url =          "http://management.blog.lupa.cz/2006/11/05/spetka-koreni-ze-zakulisi-projektu-novych-atlasich-map/",
		issn =         "1213-0702",
		note =         "[online]. [rev.~2008-11-05] [cit.~2009-06-30].",
		key =          "SNAJDR",
	}
	
	@ARTICLE{certodejMashup,
		author =       "Patrick ZANDL",  
		title =        "Mashup aneb {M}íchanice pro {W}eb 2.0",
		journal =      "Čertoděj",
		year =         "2007",
		url =          "http://www.certodej.cz/view/mashup-aneb-m",
		note =         "[online]. [rev.~2007-05-21] [cit.~2009-06-30].",
	}
	
	@PHDTHESIS{rest,
		author =       "Roy Thomas FIELDING",  
		title =        "Architectural {S}tyles and the {D}esign of {N}etwork-based {S}oftware {A}rchitectures",
		school =       "University of California, Irvine",
		year =         "2000",
		url =          "http://www.ics.uci.edu/~fielding/pubs/dissertation/top.htm",
		note =         "[online]. [cit.~2009-06-30].",
	}
	
	@ARTICLE{turistika,
		author =       "{Ministerstvo zahraničních věcí ČR}",
		title =        "Turistické trasy",
		journal =      "Czech.cz",
		year =         "2009",
		url =          "http://www.czech.cz/cz/turistika-sport/aktivni-dovolena/turistika/pesi-turistika/turisticke-trasy",
		note =         "[online]. [cit.~2009-06-30].",
	}

	@ARTICLE{kct,
		author =       "{Klub českých turistů}",
		title =        "Turistické značení",
		journal =      "Klub českých turistů",
		year =         "2005 až 2006",
		url =          "http://www.klubturistu.cz/?oid=10180",
		note =         "[online]. [cit.~2009-06-30].",
	}
	
	@ARTICLE{gmaps,
		author =       "Bret TAYLOR",
		title =        "Mapping your way",
		journal =      "The Official Google Blog",
		year =         "2005",
		url =          "http://googleblog.blogspot.com/2005/02/mapping-your-way.html",
		note =         "[online]. [rev.~2005-02-08] [cit.~2009-06-30].",
	}
	
	@ARTICLE{gmapsSuccess,
		author =       "{Google Inc.}",
		title =        "Mapping {S}uccess: {G}oogle {M}aps {C}ase {S}tudies",
		journal =      "Google Maps",
		year =         "2009",
		url =          "http://maps.google.com/help/maps/casestudies/",
		note =         "[online]. [cit.~2009-06-30].",
	}
	
	@ARTICLE{dataportability,
		author =       "Martin CAJTHAML",
		title =        "Chci jen jeden profil",
		journal =      "Články SYMBIO",
		year =         "2008",
		url =          "http://www.symbio.cz/clanky/chci-jen-jeden-profil.html",
		note =         "[online]. [rev.~2008-08-12] [cit.~2009-07-01].",
	}
	
	@ARTICLE{mfLupa,
		author =       "Martin HASSMAN",
		title =        "S mikroformáty přijde {W}eb~3.0",
		journal =      "Lupa.cz",
		year =         "2007",
		url =          "http://www.lupa.cz/clanky/s-mikroformaty-prijde-web-3-0/",
		note =         "[online]. [rev.~2007-09-05] [cit.~2009-07-01].",
	}
	
	@ARTICLE{mf,
		author =       "Jan SLÁDEK",
		title =        "Seriál {K}ódujme sémanticky s mikroformáty",
		journal =      "Zdroják.cz",
		year =         "2008",
		url =          "http://zdrojak.root.cz/serialy/kodujme-semanticky-s-mikroformaty/",
		issn =         "1803-5620",
		note =         "[online]. [cit.~2009-07-01].",
	}
	
	@ARTICLE{geoSeznam,
		author =       "Štěpán ŠKROB",
		title =        "Podpora {GEO}-mikroformátu",
		journal =      "Seznam Fulltext Blog",
		year =         "2009",
		url =          "http://fulltext.sblog.cz/2009/01/28/26",
		note =         "[online]. [rev.~2009-01-28] [cit.~2009-07-01].",
		key =          "SKROB",
	}
	
	@ARTICLE{apiSeznam,
		author =       "Ondřej ŽÁRA",
		title =        "Mapy {API}~v4.0~{BETA}",
		journal =      "Blog Mapy.cz",
		year =         "2009",
		url =          "http://mapy.cz.sblog.cz/2009/02/18/29",
		note =         "[online]. [rev.~2009-02-18] [cit.~2009-07-01].",
		key =          "ZARA",
	}
	